@misc{f14, 
author={Ramamurthy, Raj}, 
title={Independent Study Research Report}, 
howpublished="\url{http://web.engr.illinois.edu/~rmmrthy2/papers/fa14-report.pdf}",
year={2014}, 
month={Dec}, }

@misc{HLT,
author={Zabaljáuregui, Matías},
title={Hardware Assisted Virtualization Intel Virtualization Technology},
howpublished= "\url{http://linux.linti.unlp.edu.ar/images/f/f1/Vtx.pdf}",
  year={2008},
  month={June},}

@INPROCEEDINGS{6560672, 
author={Xueyang Wang and Karri, R.}, 
booktitle={Design Automation Conference (DAC), 2013 50th ACM / EDAC / IEEE}, 
title={NumChecker: Detecting kernel control-flow modifying rootkits by using Hardware Performance Counters}, 
year={2013}, 
month={May}, 
pages={1-7}, 
keywords={Linux;computerised monitoring;counting circuits;virtual machines;HPC;KVM;Linux;NumChecker;VMM based framework;checking cost;control-flow kernel rootkits;hardware event checking;hardware performance counter;kernel-based virtual machine;malicious modification detection;modern processor;system call execution;tamper-resistance;virtual machine monitor;Hardware;Kernel;Linux;Monitoring;Radiation detectors;Security;Virtualization;Hardware Performance Counters;Kernel Rootkits;Virtualization}, 
ISSN={0738-100X},}


@INPROCEEDINGS{numchecker, 
author={Xueyang Wang and Karri, R.}, 
booktitle={Design Automation Conference (DAC), 2013 50th ACM / EDAC / IEEE}, 
title={NumChecker: Detecting kernel control-flow modifying rootkits by using Hardware Performance Counters}, 
year={2013}, 
month={May}, 
pages={1-7}, 
keywords={Linux;computerised monitoring;counting circuits;virtual machines;HPC;KVM;Linux;NumChecker;VMM based framework;checking cost;control-flow kernel rootkits;hardware event checking;hardware performance counter;kernel-based virtual machine;malicious modification detection;modern processor;system call execution;tamper-resistance;virtual machine monitor;Hardware;Kernel;Linux;Monitoring;Radiation detectors;Security;Virtualization;Hardware Performance Counters;Kernel Rootkits;Virtualization}, 
ISSN={0738-100X},}

@inproceedings{vmbench,
 author = {Ramamurthy, Raj and Estrada, Zachary and Pham, Cuong and Kalbarczyk, Zbigniew and Iyer,Ravishankar},
 author = {Zhang, Xiao and Dwarkadas, Sandhya and Folkmanis, Girts and Shen, Kai},
 title = {Designing a Performance Isolation Benchmark for Virtualized Systems},
 booktitle = {The 44th Annual IEEE/IFIP International Conference on Dependable Systems and Networks},
 year = {2014},
 location = {Atlanta, GA},
 numpages = {2},
 publisher = {DSN},
} 

@inproceedings{Zhang,
 author = {Zhang, Xiao and Dwarkadas, Sandhya and Folkmanis, Girts and Shen, Kai},
 title = {Processor Hardware Counter Statistics As a First-class System Resource},
 booktitle = {Proceedings of the 11th USENIX Workshop on Hot Topics in Operating Systems},
 series = {HOTOS'07},
 year = {2007},
 location = {San Diego, CA},
 pages = {14:1--14:6},
 articleno = {14},
 numpages = {6},
 url = {http://dl.acm.org/citation.cfm?id=1361397.1361411},
 acmid = {1361411},
 publisher = {USENIX Association},
 address = {Berkeley, CA, USA},
} 

@inproceedings{feasibility,
 author = {Demme, John and Maycock, Matthew and Schmitz, Jared and Tang, Adrian and Waksman, Adam and Sethumadhavan, Simha and Stolfo, Salvatore},
 title = {On the Feasibility of Online Malware Detection with Performance Counters},
 booktitle = {Proceedings of the 40th Annual International Symposium on Computer Architecture},
 series = {ISCA '13},
 year = {2013},
 isbn = {978-1-4503-2079-5},
 location = {Tel-Aviv, Israel},
 pages = {559--570},
 numpages = {12},
 url = {http://doi.acm.org/10.1145/2485922.2485970},
 doi = {10.1145/2485922.2485970},
 acmid = {2485970},
 publisher = {ACM},
 address = {New York, NY, USA},
 keywords = {machine learning, malware and its mitigation, malware detection, performance counters, security in hardware},
} 

@article{overcount,
author = {Vincent M. Weaver and Dan Terpstra and Shirley Moore},
title = {Non-determinism and overcount on modern hardware performance counter implementations},
journal ={2014 IEEE International Symposium on Performance Analysis of Systems and Software (ISPASS)},
volume = {0},
isbn = {978-1-4673-5776-0},
year = {2013},
pages = {215-224},
doi = {http://doi.ieeecomputersociety.org/10.1109/ISPASS.2013.6557172},
publisher = {IEEE Computer Society},
address = {Los Alamitos, CA, USA},
}

@article{papi,
author = {Jack Dongarra and Kevin London and Shirley Moore and Phil Mucci and Dan Terpstra},
title = {{Using PAPI for hardware performance monitoring on Linux systems}},
masid = {5417984}
}

@INPROCEEDINGS{accuracy, 
author={Zaparanuks, D. and Jovic, M. and Hauswirth, M.}, 
booktitle={Performance Analysis of Systems and Software, 2009. ISPASS 2009. IEEE International Symposium on}, 
title={Accuracy of performance counter measurements}, 
year={2009}, 
month={April}, 
pages={23-32}, 
keywords={microprocessor chips;performance evaluation;software architecture;AMD ATHLON 64 X2;Core 2 Duo;PAPI;Pentium D;clock cycles;hardware performance counters;micro-architectural events;perfctr;perfmon2;performance counter measurements;performance evaluations;retired instructions;software infrastructures;user-level code;Application software;Costs;Counting circuits;Hardware;Informatics;Kernel;Measurement errors;Microarchitecture;Watches;Yarn}, 
doi={10.1109/ISPASS.2009.4919635},}

@inproceedings{pc,
 author = {Molnar, David and Piotrowski, Matt and Schultz, David and Wagner, David},
 title = {The Program Counter Security Model: Automatic Detection and Removal of Control-flow Side Channel Attacks},
 booktitle = {Proceedings of the 8th International Conference on Information Security and Cryptology},
 series = {ICISC'05},
 year = {2006},
 isbn = {3-540-33354-1, 978-3-540-33354-8},
 location = {Seoul, Korea},
 pages = {156--168},
 numpages = {13},
 url = {http://dx.doi.org/10.1007/11734727_14},
 doi = {10.1007/11734727_14},
 acmid = {2182245},
 publisher = {Springer-Verlag},
 address = {Berlin, Heidelberg},
} 

@inproceedings{arehardware,
 author = {Malone, Corey and Zahran, Mohamed and Karri, Ramesh},
 title = {Are Hardware Performance Counters a Cost Effective Way for Integrity Checking of Programs},
 booktitle = {Proceedings of the Sixth ACM Workshop on Scalable Trusted Computing},
 series = {STC '11},
 year = {2011},
 isbn = {978-1-4503-1001-7},
 location = {Chicago, Illinois, USA},
 pages = {71--76},
 numpages = {6},
 url = {http://doi.acm.org/10.1145/2046582.2046596},
 doi = {10.1145/2046582.2046596},
 acmid = {2046596},
 publisher = {ACM},
 address = {New York, NY, USA},
 keywords = {hardware performance counters, integrity},
} 

@INPROCEEDINGS{can-trusted, 
author={Weaver, V.M. and McKee, S.A.}, 
booktitle={Workload Characterization, 2008. IISWC 2008. IEEE International Symposium on}, 
title={Can hardware performance counters be trusted?}, 
year={2008}, 
month={Sept}, 
pages={141-150}, 
keywords={computer architecture;SPEC CPU 2000;SPEC CPU 2006;SPEC benchmarks;architectural tools;dynamic binary instrumentation tools;hardware performance counters;Aggregates;Counting circuits;Hardware;Instruments;Laboratories;Sampling methods;Semiconductor device measurement;Statistics;Systolic arrays;Time measurement}, 
doi={10.1109/IISWC.2008.4636099},}

@BOOK {forsyth,
    author = "David A. Forsyth",
    title  = "Probability and Statistics for Computer Scientists",
    year   = "2014"
}
